 @misc{matplotlib, title={Overview}, url={https://matplotlib.org/stable/contents.html}, journal={Overview - Matplotlib 3.4.3 documentation}, author={Hunter, John and Droettboom , Michael and Firing, Eric and Dale, Darren}, year={2021}, month={Aug}} 
 @misc{plotly, title={Plotly python graphing library}, url={https://plotly.com/python/}, journal={Plotly}, publisher={Plotly Technologies Inc.}, author={Plotly}, year={2015}} 
 @misc{json5, title={JSON5}, url={https://pypi.org/project/json5/}, journal={PyPI}, author={Pranke, Dirke}, year={2021}} 
 @misc{tweepy, title={Tweepy documentation}, url={https://docs.tweepy.org/en/stable/}, journal={Tweepy Documentation - tweepy 4.3.0 documentation}, author={Roesslein, Joshua}, year={2021}} 
 @misc{numpy, title={NumPy v1.21 manual}, url={https://numpy.org/doc/stable/}, journal={Overview - NumPy v1.21 Manual}, author={Numpy}, year={2021}} 
 @misc{telegram, title={Welcome to python telegram bot's documentation!}, url={https://python-telegram-bot.readthedocs.io/en/stable/}, journal={python}, author={Toledo, Leandro}, year={2021}} 
