@misc{matplotlib, title={Overview}, url={https://matplotlib.org/stable/index.html}, journal={Overview - Matplotlib 3.5.0 documentation}, author={Hunter, John and Droettboom , Michael and Firing, Eric and Dale, Darren}, year={2021}, month={Aug}} 
@misc{plotly, title={Plotly python graphing library}, url={https://plotly.com/python/}, journal={Plotly}, publisher={Plotly Technologies Inc.}, author={Plotly}, year={2015}} 
@misc{json5, title={JSON5}, url={https://pypi.org/project/json5/}, journal={PyPI}, author={Pranke, Dirke}, year={2021}} 
@misc{tweepy, title={Tweepy documentation}, url={https://docs.tweepy.org/en/stable/}, journal={Tweepy Documentation - tweepy 4.3.0 documentation}, author={Roesslein, Joshua}, year={2021}} 
@misc{numpy, title={NumPy v1.21 manual}, url={https://numpy.org/doc/stable/}, journal={Overview - NumPy v1.21 Manual}, author={Numpy}, year={2021}} 
@misc{telegram, title={Welcome to python telegram bot's documentation!}, url={https://python-telegram-bot.readthedocs.io/en/stable/}, journal={python}, author={Toledo, Leandro}, year={2021}} 
@misc{keras,
   title        = {Keras API Reference},
   journal      = {Keras API Reference},
   url          = {https://keras.io/api/},
   author       = {Keras},
   year         = {2015}
 }
@misc{sklearn, title={scikit-learn 1.0.1 documentation}, url={https://scikit-learn.org/stable/modules/classes.html}, journal={API Reference - scikit-learn 1.0.1 documentation}, author={scikit-learn}, year={2010}} 

@misc{tabulate, title={Tabulate}, url={https://pypi.org/project/tabulate/}, journal={PyPI}, author={Astanin, Sergey and Crespí, Pau Tallada and Marsi, Erwin and Kocikowski, Mik and Ryder, Bill and Dwiel, Zach}, year={0AD}}
@misc{py7zr, title={Py7zr}, url={https://pypi.org/project/py7zr/}, journal={PyPI}, author={Miura, Hiroshi}, year={0AD}}
@misc{requests, title={HTTP for Humans™}, url={https://docs.python-requests.org/en/master/index.html}, journal={Requests}, author={Reitz, Kenneth}, year={0AD}}
@misc{beautifulsoup, title={Beautiful Soup documentation}, url={https://beautiful-soup-4.readthedocs.io/en/latest/}, journal={Beautiful Soup Documentation - Beautiful Soup 4.4.0 documentation}, author={Richardson, Leonard}, year={0AD}}
@misc{flask, title={Flask}, url={https://pypi.org/project/Flask/}, journal={PyPI}, author={Ronacher, Armin}, year={0AD}}
@misc{scipy, title={SciPy documentation}, url={https://scipy.github.io/devdocs/index.html}, journal={SciPy documentation - SciPy v1.9.0.dev0+1070.09b8d94 Manual}, author={The SciPy Community}, year={0AD}}
@misc{twitter_friends, title={Get friends/list | docs | twitter developer platform}, url={https://developer.twitter.com/en/docs/twitter-api/v1/accounts-and-users/follow-search-get-users/api-reference/get-friends-list}, journal={Twitter}, publisher={Twitter}, author={Twitter}, year={0AD}}
@misc{twitter_timeline, title={Get statuses/user_timeline | docs | twitter developer platform}, url={https://developer.twitter.com/en/docs/twitter-api/v1/tweets/timelines/api-reference/get-statuses-user_timeline}, journal={Twitter}, publisher={Twitter}, author={Twitter}, year={0AD}}
@misc{twitter_news, title={100 most Influential News Media Twitter Account Archives}, url={https://memeburn.com/motorburn/tag/100-most-influential-news-media-twitter-account/}, journal={Motorburn}, author={Bremmen, Nur}, year={2010}, month={Sep}}
@misc{covid_cases, title={Nytimes/COVID-19-data: An ongoing repository of data on coronavirus cases and deaths in the U.S.}, url={https://github.com/nytimes/covid-19-data}, journal={GitHub}, author={Almukhtar, Sarah and Aufrichtig, Aliza and Barnard, Anne and Bloch, Matthew}, year={2021}}

